<record xmlns:xsi="http://www.w3.org/2001/XMLSchema-instance" xmlns="http://www.loc.gov/MARC21/slim" xsi:schemaLocation="http://www.loc.gov/MARC21/slim http://www.loc.gov/standards/marcxml/schema/MARC21slim.xsd">

  <leader>00785nab a2200193   4500</leader>
  <datafield tag="999" ind1=" " ind2=" ">
    <subfield code="c">3410</subfield>
    <subfield code="d">3410</subfield>
  </datafield>
  <controlfield tag="008">170320b2012    cr a|||| |||| 00| | spa d</controlfield>
  <datafield tag="022" ind2=" " ind1=" ">
    <subfield code="a">2215-2938</subfield>
  </datafield>
  <datafield tag="090" ind2=" " ind1=" ">
    <subfield code="a">REVIS</subfield>
    <subfield code="b">06.02.01</subfield>
  </datafield>
  <datafield tag="100" ind2=" " ind1="1">
    <subfield code="9">1944</subfield>
    <subfield code="a">Díaz Soucy, Cecilia</subfield>
  </datafield>
  <datafield ind1="1" ind2="0" tag="245">
    <subfield code="a">Hacia una investigación social implicada. Generando nuevos conocimientos en la realidad social / Cecilia Díaz Soucy</subfield>
  </datafield>
  <datafield tag="260" ind2=" " ind1=" ">
    <subfield code="a">Costa Rica : </subfield>
    <subfield code="b">Departamento de Investigaciones, Universidad De La Salle,</subfield>
    <subfield code="c">2012</subfield>
  </datafield>
  <datafield tag="300" ind1=" " ind2=" ">
    <subfield code="a">pp. 13-20</subfield>
  </datafield>
  <datafield ind1="1" ind2="4" tag="650">
    <subfield code="9">562</subfield>
    <subfield code="a">EPISTEMOLOGÍA</subfield>
  </datafield>
  <datafield tag="650" ind1="1" ind2="4">
    <subfield code="9">290</subfield>
    <subfield code="a">INVESTIGACIÓN SOCIAL</subfield>
  </datafield>
  <datafield ind2="4" ind1="1" tag="650">
    <subfield code="9">563</subfield>
    <subfield code="a">ÉTICA</subfield>
  </datafield>
  <datafield tag="650" ind2="4" ind1="1">
    <subfield code="9">42</subfield>
    <subfield code="a">CONOCIMIENTO</subfield>
  </datafield>
  <datafield tag="773" ind1="0" ind2=" ">
    <subfield code="d">Costa Rica : Departamento de Investigaciones, Universidad De La Salle, 2012-</subfield>
    <subfield code="o">R0642</subfield>
    <subfield code="t">Revista Redpensar</subfield>
    <subfield code="x">2215-2938</subfield>
    <subfield code="g">Vol.1, no.2 (diciembre, 2012)</subfield>
  </datafield>
  <datafield tag="942" ind1=" " ind2=" ">
    <subfield code="2">z</subfield>
    <subfield code="c">10</subfield>
  </datafield>
</record>